@misc{berkovits2022snowmasswhitepaperstring,
	title={Snowmass White Paper: String Perturbation Theory}, 
	author={Nathan Berkovits and Eric D'Hoker and Michael B. Green and Henrik Johansson and Oliver Schlotterer},
	year={2022},
	eprint={2203.09099},
	archivePrefix={arXiv},
	primaryClass={hep-th},
	url={https://arxiv.org/abs/2203.09099}, 
}

@book{Polchinski:1998rq,
	author = "Polchinski, J.",
	title = "{String theory. Vol. 1: An introduction to the bosonic string}",
	doi = "10.1017/CBO9780511816079",
	isbn = "978-0-511-25227-3, 978-0-521-67227-6, 978-0-521-63303-1",
	publisher = "Cambridge University Press",
	series = "Cambridge Monographs on Mathematical Physics",
	month = "12",
	year = "2007"
}

@book{Polchinski:1998rr,
	author = "Polchinski, J.",
	title = "{String theory. Vol. 2: Superstring theory and beyond}",
	doi = "10.1017/CBO9780511618123",
	isbn = "978-0-511-25228-0, 978-0-521-63304-8, 978-0-521-67228-3",
	publisher = "Cambridge University Press",
	series = "Cambridge Monographs on Mathematical Physics",
	month = "12",
	year = "2007"
}

@book{Blumenhagen:2013fgp,
	author = {Blumenhagen, Ralph and L\"ust, Dieter and Theisen, Stefan},
	title = "{Basic concepts of string theory}",
	doi = "10.1007/978-3-642-29497-6",
	isbn = "978-3-642-29496-9",
	publisher = "Springer",
	address = "Heidelberg, Germany",
	series = "Theoretical and Mathematical Physics",
	year = "2013"
}

@book{Becker:2006dvp,
	author = "Becker, K. and Becker, M. and Schwarz, J. H.",
	title = "{String theory and M-theory: A modern introduction}",
	doi = "10.1017/CBO9780511816086",
	isbn = "978-0-511-25486-4, 978-0-521-86069-7, 978-0-511-81608-6",
	publisher = "Cambridge University Press",
	month = "12",
	year = "2006"
}

@book{DiFrancesco:1997nk,
	author = "Di Francesco, P. and Mathieu, P. and Senechal, D.",
	title = "{Conformal Field Theory}",
	doi = "10.1007/978-1-4612-2256-9",
	isbn = "978-0-387-94785-3, 978-1-4612-7475-9",
	publisher = "Springer-Verlag",
	address = "New York",
	series = "Graduate Texts in Contemporary Physics",
	year = "1997"
}

@book{Blumenhagen:2009zz,
	author = "Blumenhagen, Ralph and Plauschinn, Erik",
	title = "{Introduction to conformal field theory}: {with applications to String theory}",
	doi = "10.1007/978-3-642-00450-6",
	volume = "779",
	year = "2009"
}

@book{Weinberg:1996kr,
	author = "Weinberg, Steven",
	title = "{The quantum theory of fields. Vol. 2: Modern applications}",
	doi = "10.1017/CBO9781139644174",
	isbn = "978-1-139-63247-8, 978-0-521-67054-8, 978-0-521-55002-4",
	publisher = "Cambridge University Press",
	month = "8",
	year = "2013"
}

@book{Erbin:2021smf,
	author = "Erbin, Harold",
	title = "{String Field Theory: A Modern Introduction}",
	eprint = "2301.01686",
	archivePrefix = "arXiv",
	primaryClass = "hep-th",
	doi = "10.1007/978-3-030-65321-7",
	isbn = "978-3-030-65320-0, 978-3-030-65321-7",
	series = "Lecture Notes in Physics",
	volume = "980",
	month = "3",
	year = "2021"
}

@book{Henneaux:1994lbw,
	author = "Henneaux, Marc and Teitelboim, Claudio",
	title = "{Quantization of Gauge Systems}",
	isbn = "978-0-691-03769-1, 978-0-691-21386-6",
	publisher = "Princeton University Press",
	month = "8",
	year = "1994"
}

@article{Berkovits:2000fe,
	author = "Berkovits, Nathan",
	title = "{Super Poincare covariant quantization of the superstring}",
	eprint = "hep-th/0001035",
	archivePrefix = "arXiv",
	reportNumber = "IFT-P-005-2000",
	doi = "10.1088/1126-6708/2000/04/018",
	journal = "JHEP",
	volume = "04",
	pages = "018",
	year = "2000"
}

@book{Green:2012oqa,
	author = "Green, Michael B. and Schwarz, John H. and Witten, Edward",
	title = "{Superstring Theory Vol. 1}: {25th Anniversary Edition}",
	doi = "10.1017/CBO9781139248563",
	isbn = "978-1-139-53477-2, 978-1-107-02911-8",
	publisher = "Cambridge University Press",
	series = "Cambridge Monographs on Mathematical Physics",
	month = "11",
	year = "2012"
}

@book{Green:2012pqa,
	author = "Green, Michael B. and Schwarz, John H. and Witten, Edward",
	title = "{Superstring Theory Vol. 2}: {25th Anniversary Edition}",
	doi = "10.1017/CBO9781139248570",
	isbn = "978-1-139-53478-9, 978-1-107-02913-2",
	publisher = "Cambridge University Press",
	series = "Cambridge Monographs on Mathematical Physics",
	month = "11",
	year = "2012"
}

@book{itocft,
	author = "伊藤克司",
	title = "{共形場理論 : 現代数理物理の基礎として}",
	isbn = "4910054700619",
	publisher = "サイエンス社",
	year = "2011"
}

@book{wzx,
	author = "王竹溪，郭敦仁",
	title = "{特殊函数概论}",
	isbn = "9787301200490",
	publisher = "北京大学出版社",
	year = "2012"
}

@article{PhysRevLett.105.071601,
	title = {String Universality in Ten Dimensions},
	author = {Adams, Allan and Taylor, Washington and DeWolfe, Oliver},
	journal = {Phys. Rev. Lett.},
	volume = {105},
	issue = {7},
	pages = {071601},
	numpages = {4},
	year = {2010},
	month = {Aug},
	publisher = {American Physical Society},
	doi = {10.1103/PhysRevLett.105.071601},
	url = {https://link.aps.org/doi/10.1103/PhysRevLett.105.071601}
}

@article{Friedan:1985ge,
	author = "Friedan, Daniel and Martinec, Emil J. and Shenker, Stephen H.",
	title = "{Conformal invariance, supersymmetry and string theory}",
	reportNumber = "PRINT-86-0024 (CHICAGO), EFI-85-89-CHICAGO",
	doi = "10.1016/S0550-3213(86)80006-2",
	journal = "Nucl. Phys. B",
	volume = "271",
	pages = "93--165",
	year = "1986"
}

@article{Knizhnik:1985ke,
	author = "Knizhnik, V. G.",
	title = "{Covariant Fermionic Vertex in Superstrings}",
	doi = "10.1016/0370-2693(85)90009-7",
	journal = "Phys. Lett. B",
	volume = "160",
	pages = "403--407",
	year = "1985"
}

@Inbook{Hirschhorn2017,
	author="Hirschhorn, Michael D.",
	title="Jacobi's ``aequatio identica satis abstrusa''",
	bookTitle="The Power of q: A Personal Journey",
	year="2017",
	publisher="Springer International Publishing",
	address="Cham",
	pages="169--174",
	abstract="Jacobi discovered the identity of the title. It has proved to be of some importance in string theory. Two proofs and a startling formulation are given.",
	isbn="978-3-319-57762-3",
	doi="10.1007/978-3-319-57762-3_19",
	url="https://doi.org/10.1007/978-3-319-57762-3_19"
}

@article{Schlotterer:2012zz,
	author = "Schlotterer, O.",
	title = "{Scattering amplitudes in open superstring theory}",
	doi = "10.1002/prop.201100084",
	journal = "Fortsch. Phys.",
	volume = "60",
	pages = "373--691",
	year = "2012"
}

@article{Witten:2012bh,
	author = "Witten, Edward",
	title = "{Superstring Perturbation Theory Revisited}",
	eprint = "1209.5461",
	archivePrefix = "arXiv",
	primaryClass = "hep-th",
	month = "9",
	year = "2012"
}

@article{Bjerrum-Bohr:2009ulz,
	author = "Bjerrum-Bohr, N. E. J. and Damgaard, Poul H. and Vanhove, Pierre",
	title = "{Minimal Basis for Gauge Theory Amplitudes}",
	eprint = "0907.1425",
	archivePrefix = "arXiv",
	primaryClass = "hep-th",
	reportNumber = "IHES-P-09-33, IPHT-T-09-092",
	doi = "10.1103/PhysRevLett.103.161602",
	journal = "Phys. Rev. Lett.",
	volume = "103",
	pages = "161602",
	year = "2009"
}

@article{Kawai:1985xq,
	author = "Kawai, H. and Lewellen, D. C. and Tye, S. H. H.",
	title = "{A Relation Between Tree Amplitudes of Closed and Open Strings}",
	reportNumber = "CLNS-85/667",
	doi = "10.1016/0550-3213(86)90362-7",
	journal = "Nucl. Phys. B",
	volume = "269",
	pages = "1--23",
	year = "1986"
}

@article{Giacchetto:2024aka,
	author = "Giacchetto, Alessandro and Lewa\'nski, Danilo",
	title = "{Les Houches lecture notes on moduli spaces of Riemann surfaces}",
	eprint = "2410.13273",
	archivePrefix = "arXiv",
	primaryClass = "math.AG",
	month = "10",
	year = "2024"
}

@book{forster2012lectures,
	title={Lectures on Riemann surfaces},
	author={Forster, Otto},
	volume={81},
	year={2012},
	publisher={Springer Science \& Business Media}
}

@book{schlichenmaier2010introduction,
	title={An introduction to Riemann surfaces, algebraic curves and moduli spaces},
	author={Schlichenmaier, Martin},
	year={2010},
	publisher={Springer Science \& Business Media}
}

@book{hartshorne2013algebraic,
	title={Algebraic geometry},
	author={Hartshorne, Robin},
	volume={52},
	year={2013},
	publisher={Springer Science \& Business Media}
}

@book{griffiths2014principles,
	title={Principles of algebraic geometry},
	author={Griffiths, Phillip and Harris, Joseph},
	year={2014},
	publisher={John Wiley \& Sons}
}

@inproceedings{Staessens:2010vi,
	author = "Staessens, Wieland and Vercnocke, Bert",
	title = "{Lectures on Scattering Amplitudes in String Theory}",
	booktitle = "{5th Modave Summer School in Mathematical Physics}",
	eprint = "1011.0456",
	archivePrefix = "arXiv",
	primaryClass = "hep-th",
	month = "11",
	year = "2010"
}

@article{Witten:2015mec,
	author = "Witten, Edward",
	title = "{What every physicist should know about string theory}",
	doi = "10.1063/PT.3.2980",
	journal = "Phys. Today",
	volume = "68",
	number = "11",
	pages = "38--43",
	year = "2015"
}

@article{Cachazo:2013iea,
	author = "Cachazo, Freddy and He, Song and Yuan, Ellis Ye",
	title = "{Scattering of Massless Particles: Scalars, Gluons and Gravitons}",
	eprint = "1309.0885",
	archivePrefix = "arXiv",
	primaryClass = "hep-th",
	doi = "10.1007/JHEP07(2014)033",
	journal = "JHEP",
	volume = "07",
	pages = "033",
	year = "2014"
}

@article{Cachazo:2013hca,
	author = "Cachazo, Freddy and He, Song and Yuan, Ellis Ye",
	title = "{Scattering of Massless Particles in Arbitrary Dimensions}",
	eprint = "1307.2199",
	archivePrefix = "arXiv",
	primaryClass = "hep-th",
	doi = "10.1103/PhysRevLett.113.171601",
	journal = "Phys. Rev. Lett.",
	volume = "113",
	number = "17",
	pages = "171601",
	year = "2014"
}