@misc{berkovits2022snowmasswhitepaperstring,
	title={Snowmass White Paper: String Perturbation Theory}, 
	author={Nathan Berkovits and Eric D'Hoker and Michael B. Green and Henrik Johansson and Oliver Schlotterer},
	year={2022},
	eprint={2203.09099},
	archivePrefix={arXiv},
	primaryClass={hep-th},
	url={https://arxiv.org/abs/2203.09099}, 
}

@article{Weinberg:1980kq,
	author = "Weinberg, Steven and Witten, Edward",
	title = "{Limits on Massless Particles}",
	reportNumber = "HUTP-80/A056",
	doi = "10.1016/0370-2693(80)90212-9",
	journal = "Phys. Lett. B",
	volume = "96",
	pages = "59--62",
	year = "1980"
}

@book{Polchinski:1998rq,
	author = "Polchinski, J.",
	title = "{String theory. Vol. 1: An introduction to the bosonic string}",
	doi = "10.1017/CBO9780511816079",
	isbn = "978-0-511-25227-3, 978-0-521-67227-6, 978-0-521-63303-1",
	publisher = "Cambridge University Press",
	series = "Cambridge Monographs on Mathematical Physics",
	month = "12",
	year = "2007"
}

@book{Polchinski:1998rr,
	author = "Polchinski, J.",
	title = "{String theory. Vol. 2: Superstring theory and beyond}",
	doi = "10.1017/CBO9780511618123",
	isbn = "978-0-511-25228-0, 978-0-521-63304-8, 978-0-521-67228-3",
	publisher = "Cambridge University Press",
	series = "Cambridge Monographs on Mathematical Physics",
	month = "12",
	year = "2007"
}

@article{Witten:2015mec,
	author = "Witten, Edward",
	title = "{What every physicist should know about string theory}",
	doi = "10.1063/PT.3.2980",
	journal = "Phys. Today",
	volume = "68",
	number = "11",
	pages = "38--43",
	year = "2015"
}

@article{Berkovits:2000fe,
	author = "Berkovits, Nathan",
	title = "{Super Poincare covariant quantization of the superstring}",
	eprint = "hep-th/0001035",
	archivePrefix = "arXiv",
	reportNumber = "IFT-P-005-2000",
	doi = "10.1088/1126-6708/2000/04/018",
	journal = "JHEP",
	volume = "04",
	pages = "018",
	year = "2000"
}

@article{Kawai:1985xq,
	author = "Kawai, H. and Lewellen, D. C. and Tye, S. H. H.",
	title = "{A Relation Between Tree Amplitudes of Closed and Open Strings}",
	reportNumber = "CLNS-85/667",
	doi = "10.1016/0550-3213(86)90362-7",
	journal = "Nucl. Phys. B",
	volume = "269",
	pages = "1--23",
	year = "1986"
}

@article{Bern:2010ue,
	author = "Bern, Zvi and Carrasco, John Joseph M. and Johansson, Henrik",
	title = "{Perturbative Quantum Gravity as a Double Copy of Gauge Theory}",
	eprint = "1004.0476",
	archivePrefix = "arXiv",
	primaryClass = "hep-th",
	reportNumber = "UCLA-10-TEP-102, SACLAY-IPHT-T10-044",
	doi = "10.1103/PhysRevLett.105.061602",
	journal = "Phys. Rev. Lett.",
	volume = "105",
	pages = "061602",
	year = "2010"
}

@article{Xu:1986xb,
	author = "Xu, Zhan and Zhang, Da-Hua and Chang, Lee",
	title = "{Helicity Amplitudes for Multiple Bremsstrahlung in Massless Nonabelian Gauge Theories}",
	reportNumber = "TUTP-86/9a, TUTP-84-3, TUTP-84-4, TUTP-84-5",
	doi = "10.1016/0550-3213(87)90479-2",
	journal = "Nucl. Phys. B",
	volume = "291",
	pages = "392--428",
	year = "1987"
}

@article{Britto:2005fq,
	author = "Britto, Ruth and Cachazo, Freddy and Feng, Bo and Witten, Edward",
	title = "{Direct proof of tree-level recursion relation in Yang-Mills theory}",
	eprint = "hep-th/0501052",
	archivePrefix = "arXiv",
	doi = "10.1103/PhysRevLett.94.181602",
	journal = "Phys. Rev. Lett.",
	volume = "94",
	pages = "181602",
	year = "2005"
}

@article{Britto:2004ap,
	author = "Britto, Ruth and Cachazo, Freddy and Feng, Bo",
	title = "{New recursion relations for tree amplitudes of gluons}",
	eprint = "hep-th/0412308",
	archivePrefix = "arXiv",
	doi = "10.1016/j.nuclphysb.2005.02.030",
	journal = "Nucl. Phys. B",
	volume = "715",
	pages = "499--522",
	year = "2005"
}

@article{Britto:2004nc,
	author = "Britto, Ruth and Cachazo, Freddy and Feng, Bo",
	title = "{Generalized unitarity and one-loop amplitudes in N=4 super-Yang-Mills}",
	eprint = "hep-th/0412103",
	archivePrefix = "arXiv",
	doi = "10.1016/j.nuclphysb.2005.07.014",
	journal = "Nucl. Phys. B",
	volume = "725",
	pages = "275--305",
	year = "2005"
}

@article{Cachazo:2013iea,
	author = "Cachazo, Freddy and He, Song and Yuan, Ellis Ye",
	title = "{Scattering of Massless Particles: Scalars, Gluons and Gravitons}",
	eprint = "1309.0885",
	archivePrefix = "arXiv",
	primaryClass = "hep-th",
	doi = "10.1007/JHEP07(2014)033",
	journal = "JHEP",
	volume = "07",
	pages = "033",
	year = "2014"
}

@article{Cachazo:2013hca,
	author = "Cachazo, Freddy and He, Song and Yuan, Ellis Ye",
	title = "{Scattering of Massless Particles in Arbitrary Dimensions}",
	eprint = "1307.2199",
	archivePrefix = "arXiv",
	primaryClass = "hep-th",
	doi = "10.1103/PhysRevLett.113.171601",
	journal = "Phys. Rev. Lett.",
	volume = "113",
	number = "17",
	pages = "171601",
	year = "2014"
}

@article{Berkovits:2004xu,
	author = "Berkovits, Nathan",
	title = "{Quantum consistency of the superstring in AdS(5) x S**5 background}",
	eprint = "hep-th/0411170",
	archivePrefix = "arXiv",
	reportNumber = "IFT-P-056-2004",
	doi = "10.1088/1126-6708/2005/03/041",
	journal = "JHEP",
	volume = "03",
	pages = "041",
	year = "2005"
}

@article{Broedel:2014vla,
	author = "Broedel, Johannes and Mafra, Carlos R. and Matthes, Nils and Schlotterer, Oliver",
	title = "{Elliptic multiple zeta values and one-loop superstring amplitudes}",
	eprint = "1412.5535",
	archivePrefix = "arXiv",
	primaryClass = "hep-th",
	reportNumber = "AEI-2014-066, DAMTP-2014-95",
	doi = "10.1007/JHEP07(2015)112",
	journal = "JHEP",
	volume = "07",
	pages = "112",
	year = "2015"
}

@incollection{schlottererNumberTheorySuperstring2020,
	title = {The {{Number Theory}} of {{Superstring Amplitudes}}},
	booktitle = {Periods in {{Quantum Field Theory}} and {{Arithmetic}}},
	author = {Schlotterer, Oliver},
	editor = {Burgos Gil, José Ignacio and Ebrahimi-Fard, Kurusch and Gangl, Herbert},
	date = {2020},
	volume = {314},
	pages = {77--103},
	publisher = {Springer International Publishing},
	location = {Cham},
	doi = {10.1007/978-3-030-37031-2_4},
	url = {http://link.springer.com/10.1007/978-3-030-37031-2_4},
	urldate = {2024-11-20},
	abstract = {The following article is intended as a survey of recent results at the interface of number theory and superstring theory. We review the expansion of scattering amplitudes – central observables in field and string theory – in the inverse string tension where elegant patterns of multiple zeta values occur. More specifically, the Drinfeld associator and the Hopf algebra structure of motivic multiple zeta values are shown to govern tree-level amplitudes of the open superstring. Partial results on the quantum corrections are discussed where elliptic analogues of multiple zeta values play a central rˆole.},
	isbn = {978-3-030-37030-5 978-3-030-37031-2},
	langid = {english},
}

@article{Mafra:2011kj,
	author = "Mafra, Carlos R. and Schlotterer, Oliver and Stieberger, Stephan",
	title = "{Explicit BCJ Numerators from Pure Spinors}",
	eprint = "1104.5224",
	archivePrefix = "arXiv",
	primaryClass = "hep-th",
	doi = "10.1007/JHEP07(2011)092",
	journal = "JHEP",
	volume = "07",
	pages = "092",
	year = "2011"
}

@article{Berkovits:2005ng,
	author = "Berkovits, Nathan and Mafra, Carlos R.",
	title = "{Equivalence of two-loop superstring amplitudes in the pure spinor and RNS formalisms}",
	eprint = "hep-th/0509234",
	archivePrefix = "arXiv",
	reportNumber = "IFT-P-034-2005",
	doi = "10.1103/PhysRevLett.96.011602",
	journal = "Phys. Rev. Lett.",
	volume = "96",
	pages = "011602",
	year = "2006"
}

@article{Berkovits:2024ono,
	author = "Berkovits, Nathan",
	title = "{Equivalence Proof of Pure Spinor and Ramond-Neveu-Schwarz Superstring Amplitudes}",
	eprint = "2411.19778",
	archivePrefix = "arXiv",
	primaryClass = "hep-th",
	month = "11",
	year = "2024"
}

@article{Mafra:2011nv,
	author = "Mafra, Carlos R. and Schlotterer, Oliver and Stieberger, Stephan",
	title = "{Complete N-Point Superstring Disk Amplitude I. Pure Spinor Computation}",
	eprint = "1106.2645",
	archivePrefix = "arXiv",
	primaryClass = "hep-th",
	reportNumber = "AEI-2011-34, MPP-2011-47",
	doi = "10.1016/j.nuclphysb.2013.04.023",
	journal = "Nucl. Phys. B",
	volume = "873",
	pages = "419--460",
	year = "2013"
}

@article{Mafra:2011nw,
	author = "Mafra, Carlos R. and Schlotterer, Oliver and Stieberger, Stephan",
	title = "{Complete N-Point Superstring Disk Amplitude II. Amplitude and Hypergeometric Function Structure}",
	eprint = "1106.2646",
	archivePrefix = "arXiv",
	primaryClass = "hep-th",
	reportNumber = "AEI-2011-35, MPP-2011-65",
	doi = "10.1016/j.nuclphysb.2013.04.022",
	journal = "Nucl. Phys. B",
	volume = "873",
	pages = "461--513",
	year = "2013"
}

@article{Geyer:2021oox,
	author = "Geyer, Yvonne and Monteiro, Ricardo and Stark-Much\~ao, Ricardo",
	title = "{Superstring Loop Amplitudes from the Field Theory Limit}",
	eprint = "2106.03968",
	archivePrefix = "arXiv",
	primaryClass = "hep-th",
	reportNumber = "QMUL-PH-21-29",
	doi = "10.1103/PhysRevLett.127.211603",
	journal = "Phys. Rev. Lett.",
	volume = "127",
	number = "21",
	pages = "211603",
	year = "2021"
}

@article{Mafra:2022wml,
	author = "Mafra, Carlos R. and Schlotterer, Oliver",
	title = "{Tree-level amplitudes from the pure spinor superstring}",
	eprint = "2210.14241",
	archivePrefix = "arXiv",
	primaryClass = "hep-th",
	doi = "10.1016/j.physrep.2023.04.001",
	journal = "Phys. Rept.",
	volume = "1020",
	pages = "1--162",
	year = "2023"
}

@article{Berkovits:2005df,
	author = "Berkovits, Nathan",
	title = "{Super-Poincare covariant two-loop superstring amplitudes}",
	eprint = "hep-th/0503197",
	archivePrefix = "arXiv",
	reportNumber = "IFT-P-011-2005",
	doi = "10.1088/1126-6708/2006/01/005",
	journal = "JHEP",
	volume = "01",
	pages = "005",
	year = "2006"
}

@article{DHoker:2020prr,
	author = "D'Hoker, Eric and Mafra, Carlos R. and Pioline, Boris and Schlotterer, Oliver",
	title = "{Two-loop superstring five-point amplitudes. Part I. Construction via chiral splitting and pure spinors}",
	eprint = "2006.05270",
	archivePrefix = "arXiv",
	primaryClass = "hep-th",
	reportNumber = "UUITP-16/20",
	doi = "10.1007/JHEP08(2020)135",
	journal = "JHEP",
	volume = "08",
	pages = "135",
	year = "2020"
}

@article{DHoker:2020tcq,
	author = "D'Hoker, Eric and Mafra, Carlos R. and Pioline, Boris and Schlotterer, Oliver",
	title = "{Two-loop superstring five-point amplitudes. Part II. Low energy expansion and S-duality}",
	eprint = "2008.08687",
	archivePrefix = "arXiv",
	primaryClass = "hep-th",
	doi = "10.1007/JHEP02(2021)139",
	journal = "JHEP",
	volume = "02",
	pages = "139",
	year = "2021"
}

@article{DHoker:2001kkt,
	author = "D'Hoker, Eric and Phong, D. H.",
	title = "{Two loop superstrings. 1. Main formulas}",
	eprint = "hep-th/0110247",
	archivePrefix = "arXiv",
	reportNumber = "UCLA-01-TEP-24",
	doi = "10.1016/S0370-2693(02)01255-8",
	journal = "Phys. Lett. B",
	volume = "529",
	pages = "241--255",
	year = "2002"
}

@article{Brown:2004ugm,
	author = "Brown, Francis C. S.",
	title = "{Polylogarithmes multiples uniformes en une variable}",
	doi = "10.1016/j.crma.2004.02.001",
	journal = "Compt. Rend. Math.",
	volume = "338",
	number = "7",
	pages = "527--532",
	year = "2004"
}

@article{Brown:2011wfj,
	author = "Brown, Francis C. S. and Levin, Andrey",
	title = "{Multiple Elliptic Polylogarithms}",
	eprint = "1110.6917",
	archivePrefix = "arXiv",
	primaryClass = "math.NT",
	month = "10",
	year = "2011"
}

@article{Broedel:2017jdo,
	author = "Broedel, Johannes and Matthes, Nils and Richter, Gregor and Schlotterer, Oliver",
	title = "{Twisted elliptic multiple zeta values and non-planar one-loop open-string amplitudes}",
	eprint = "1704.03449",
	archivePrefix = "arXiv",
	primaryClass = "hep-th",
	reportNumber = "HU-EP-17-11, HU-MATHEMATIK-2017-2",
	doi = "10.1088/1751-8121/aac601",
	journal = "J. Phys. A",
	volume = "51",
	number = "28",
	pages = "285401",
	year = "2018"
}

@book{limiao,
	author    = "李淼. ",
	title     = "超弦史话",
	year      = {2016},
	isbn      = {978-7-301-26654-0},
	publisher = {北京大学出版社}
}

@article{Mafra:2010pn,
	author = "Mafra, Carlos R.",
	title = "{PSS: A FORM Program to Evaluate Pure Spinor Superspace Expressions}",
	eprint = "1007.4999",
	archivePrefix = "arXiv",
	primaryClass = "hep-th",
	reportNumber = "AEI-2010-127",
	month = "7",
	year = "2010"
}

@article{Mertig:1990an,
	author = "Mertig, R. and Bohm, M. and Denner, Ansgar",
	title = "{FEYN CALC: Computer algebraic calculation of Feynman amplitudes}",
	reportNumber = "PRINT-90-0639 (WURZBURG)",
	doi = "10.1016/0010-4655(91)90130-D",
	journal = "Comput. Phys. Commun.",
	volume = "64",
	pages = "345--359",
	year = "1991"
}

@article{Schlotterer:2012zz,
	title = {Scattering Amplitudes in Open Superstring Theory},
	author = {Schlotterer, O.},
	date = {2012},
	journaltitle = {Fortsch. Phys.},
	shortjournal = {Fortsch. Phys.},
	volume = {60},
	number = {5},
	pages = {373--691},
	issn = {0015-8208, 1521-3978},
	doi = {10.1002/prop.201100084},
	url = {https://onlinelibrary.wiley.com/doi/10.1002/prop.201100084},
}

@article{Du:2017kpo,
	author = "Du, Yi-Jian and Teng, Fei",
	title = "{BCJ numerators from reduced Pfaffian}",
	eprint = "1703.05717",
	archivePrefix = "arXiv",
	primaryClass = "hep-th",
	doi = "10.1007/JHEP04(2017)033",
	journal = "JHEP",
	volume = "04",
	pages = "033",
	year = "2017"
}

@article{Fu:2017uzt,
	author = "Fu, Chih-Hao and Du, Yi-Jian and Huang, Rijun and Feng, Bo",
	title = "{Expansion of Einstein-Yang-Mills Amplitude}",
	eprint = "1702.08158",
	archivePrefix = "arXiv",
	primaryClass = "hep-th",
	doi = "10.1007/JHEP09(2017)021",
	journal = "JHEP",
	volume = "09",
	pages = "021",
	year = "2017"
}

@article{Du:2016tbc,
	author = "Du, Yi-Jian and Fu, Chih-Hao",
	title = "{Explicit BCJ numerators of nonlinear simga model}",
	eprint = "1606.05846",
	archivePrefix = "arXiv",
	primaryClass = "hep-th",
	doi = "10.1007/JHEP09(2016)174",
	journal = "JHEP",
	volume = "09",
	pages = "174",
	year = "2016"
}

@article{Brandhuber:2022enp,
	author = "Brandhuber, Andreas and Brown, Graham R. and Chen, Gang and Gowdy, Joshua and Travaglini, Gabriele and Wen, Congkao",
	title = "{Amplitudes, Hopf algebras and the colour-kinematics duality}",
	eprint = "2208.05886",
	archivePrefix = "arXiv",
	primaryClass = "hep-th",
	reportNumber = "QMUL-PH-22-18, SAGEX-22-27",
	doi = "10.1007/JHEP12(2022)101",
	journal = "JHEP",
	volume = "12",
	pages = "101",
	year = "2022"
}

@article{Frost:2020eoa,
	author = "Frost, Hadleigh and Mafra, Carlos R. and Mason, Lionel",
	title = "{A Lie Bracket for the Momentum Kernel}",
	eprint = "2012.00519",
	archivePrefix = "arXiv",
	primaryClass = "hep-th",
	doi = "10.1007/s00220-023-04748-z",
	journal = "Commun. Math. Phys.",
	volume = "402",
	number = "2",
	pages = "1307--1343",
	year = "2023"
}

@article{Bern:2019prr,
	author = "Bern, Zvi and Carrasco, John Joseph and Chiodaroli, Marco and Johansson, Henrik and Roiban, Radu",
	title = "{The duality between color and kinematics and its applications}",
	eprint = "1909.01358",
	archivePrefix = "arXiv",
	primaryClass = "hep-th",
	reportNumber = "CERN-TH-2019-135, UCLA/TEP/2019/104, NUHEP-TH/19-11, UUITP-35/19,
	NORDITA 2019-079",
	doi = "10.1088/1751-8121/ad5fd0",
	journal = "J. Phys. A",
	volume = "57",
	number = "33",
	pages = "333002",
	year = "2024"
}

@book{Elvang:2015rqa,
	author = "Elvang, Henriette and Huang, Yu-tin",
	title = "{Scattering Amplitudes in Gauge Theory and Gravity}",
	isbn = "978-1-316-19142-2, 978-1-107-06925-1",
	publisher = "Cambridge University Press",
	month = "4",
	year = "2015"
}

@article{Geyer:2024oeu,
	author = "Geyer, Yvonne and Guo, Jiachen and Monteiro, Ricardo and Ren, Lecheng",
	title = "{Superstring amplitudes from BCJ numerators at one loop}",
	eprint = "2410.19663",
	archivePrefix = "arXiv",
	primaryClass = "hep-th",
	reportNumber = "QMUL-PH-24-23",
	month = "10",
	year = "2024"
}