@article{Broedel:2013aza,
	author = "Broedel, Johannes and Schlotterer, Oliver and Stieberger, Stephan and Terasoma, Tomohide",
	title = "{All order $\alpha^{\prime}$-expansion of superstring trees from the Drinfeld associator}",
	eprint = "1304.7304",
	archivePrefix = "arXiv",
	primaryClass = "hep-th",
	reportNumber = "DAMTP-2013-23, AEI-2013-195, MPP-2013-120",
	doi = "10.1103/PhysRevD.89.066014",
	journal = "Phys. Rev. D",
	volume = "89",
	number = "6",
	pages = "066014",
	year = "2014"
}

@article{Berkovits:2000fe,
	author = "Berkovits, Nathan",
	title = "{Super Poincare covariant quantization of the superstring}",
	eprint = "hep-th/0001035",
	archivePrefix = "arXiv",
	reportNumber = "IFT-P-005-2000",
	doi = "10.1088/1126-6708/2000/04/018",
	journal = "JHEP",
	volume = "04",
	pages = "018",
	year = "2000"
}

@article{Mafra:2011nv,
	author = "Mafra, Carlos R. and Schlotterer, Oliver and Stieberger, Stephan",
	title = "{Complete N-Point Superstring Disk Amplitude I. Pure Spinor Computation}",
	eprint = "1106.2645",
	archivePrefix = "arXiv",
	primaryClass = "hep-th",
	reportNumber = "AEI-2011-34, MPP-2011-47",
	doi = "10.1016/j.nuclphysb.2013.04.023",
	journal = "Nucl. Phys. B",
	volume = "873",
	pages = "419--460",
	year = "2013"
}

@article{Mafra:2011nw,
	author = "Mafra, Carlos R. and Schlotterer, Oliver and Stieberger, Stephan",
	title = "{Complete N-Point Superstring Disk Amplitude II. Amplitude and Hypergeometric Function Structure}",
	eprint = "1106.2646",
	archivePrefix = "arXiv",
	primaryClass = "hep-th",
	reportNumber = "AEI-2011-35, MPP-2011-65",
	doi = "10.1016/j.nuclphysb.2013.04.022",
	journal = "Nucl. Phys. B",
	volume = "873",
	pages = "461--513",
	year = "2013"
}

@article{Bern:2008qj,
	author = "Bern, Z. and Carrasco, J. J. M. and Johansson, Henrik",
	title = "{New Relations for Gauge-Theory Amplitudes}",
	eprint = "0805.3993",
	archivePrefix = "arXiv",
	primaryClass = "hep-ph",
	reportNumber = "UCLA-07-TEP-15",
	doi = "10.1103/PhysRevD.78.085011",
	journal = "Phys. Rev. D",
	volume = "78",
	pages = "085011",
	year = "2008"
}

@article{Mafra:2011kj,
	author = "Mafra, Carlos R. and Schlotterer, Oliver and Stieberger, Stephan",
	title = "{Explicit BCJ Numerators from Pure Spinors}",
	eprint = "1104.5224",
	archivePrefix = "arXiv",
	primaryClass = "hep-th",
	doi = "10.1007/JHEP07(2011)092",
	journal = "JHEP",
	volume = "07",
	pages = "092",
	year = "2011"
}

@article{DelDuca:1999rs,
	author = "Del Duca, Vittorio and Dixon, Lance J. and Maltoni, Fabio",
	title = "{New color decompositions for gauge amplitudes at tree and loop level}",
	eprint = "hep-ph/9910563",
	archivePrefix = "arXiv",
	reportNumber = "SLAC-PUB-8294, DFTT-53-99",
	doi = "10.1016/S0550-3213(99)00809-3",
	journal = "Nucl. Phys. B",
	volume = "571",
	pages = "51--70",
	year = "2000"
}

@article{Kawai:1985xq,
	author = "Kawai, H. and Lewellen, D. C. and Tye, S. H. H.",
	title = "{A Relation Between Tree Amplitudes of Closed and Open Strings}",
	reportNumber = "CLNS-85/667",
	doi = "10.1016/0550-3213(86)90362-7",
	journal = "Nucl. Phys. B",
	volume = "269",
	pages = "1--23",
	year = "1986"
}

@article{Cachazo:2013iea,
	author = "Cachazo, Freddy and He, Song and Yuan, Ellis Ye",
	title = "{Scattering of Massless Particles: Scalars, Gluons and Gravitons}",
	eprint = "1309.0885",
	archivePrefix = "arXiv",
	primaryClass = "hep-th",
	doi = "10.1007/JHEP07(2014)033",
	journal = "JHEP",
	volume = "07",
	pages = "033",
	year = "2014"
}

@article{Cachazo:2013hca,
	author = "Cachazo, Freddy and He, Song and Yuan, Ellis Ye",
	title = "{Scattering of Massless Particles in Arbitrary Dimensions}",
	eprint = "1307.2199",
	archivePrefix = "arXiv",
	primaryClass = "hep-th",
	doi = "10.1103/PhysRevLett.113.171601",
	journal = "Phys. Rev. Lett.",
	volume = "113",
	number = "17",
	pages = "171601",
	year = "2014"
}